<record><leader>00000cas a2200000 a 4500</leader><controlfield tag="001">31926423</controlfield><controlfield tag="007">hd bfu---baat</controlfield><controlfield tag="007">hd afu---bact</controlfield><controlfield tag="008">950203d19341936nbuwr nea     0    0eng c</controlfield><datafield ind1=" " ind2=" " tag="010"><subfield code="a">sn 95069134 </subfield></datafield><datafield ind1=" " ind2=" " tag="040"><subfield code="a">NVG</subfield><subfield code="b">eng</subfield><subfield code="c">NVG</subfield><subfield code="d">OCLCQ</subfield></datafield><datafield ind1=" " ind2=" " tag="042"><subfield code="a">pcc</subfield></datafield><datafield ind1="0" ind2="4" tag="245"><subfield code="a">The Platte Valley Sunday tribune.</subfield></datafield><datafield ind1="3" ind2="0" tag="246"><subfield code="a">Sunday tribune</subfield></datafield><datafield ind1=" " ind2=" " tag="260"><subfield code="a">Kearney, Neb. :</subfield><subfield code="b">Vance Beghtol,</subfield><subfield code="c">1934-1936.</subfield></datafield><datafield ind1=" " ind2=" " tag="300"><subfield code="a">3 volumes</subfield></datafield><datafield ind1=" " ind2=" " tag="310"><subfield code="a">Weekly</subfield></datafield><datafield ind1=" " ind2=" " tag="336"><subfield code="a">text</subfield><subfield code="b">txt</subfield><subfield code="2">rdacontent</subfield></datafield><datafield ind1=" " ind2=" " tag="337"><subfield code="a">microform</subfield><subfield code="b">h</subfield><subfield code="2">rdamedia</subfield></datafield><datafield ind1=" " ind2=" " tag="338"><subfield code="a">microfilm reel</subfield><subfield code="b">hd</subfield><subfield code="2">rdacarrier</subfield></datafield><datafield ind1="0" ind2=" " tag="362"><subfield code="a">June 3, 1934-Jan. 10, 1936.</subfield></datafield><datafield ind1=" " ind2=" " tag="515"><subfield code="a">Issued on Fridays.</subfield></datafield><datafield ind1=" " ind2=" " tag="515"><subfield code="a">Issues for June 3, 1934-Apr. 13, 1935 called v. 41, no. 115-v. 43, no. 16.</subfield></datafield><datafield ind1=" " ind2=" " tag="515"><subfield code="a">Issues for Apr. 20-May 4, 1935 called v. 143, no. 17-19, but considered v. 43, no. 17-19.</subfield></datafield><datafield ind1=" " ind2=" " tag="515"><subfield code="a">Issues for May 11, 1935-Jan. 10, 1936 called v. 41, no. 21-v. 42, no. 4.</subfield></datafield><datafield ind1=" " ind2=" " tag="533"><subfield code="a">Microfilm.</subfield><subfield code="m">July 4,1935-Jan. 17,1936.</subfield><subfield code="b">Lincoln, Neb. :</subfield><subfield code="c">Nebraska State Historical Society.</subfield><subfield code="e">1 microfilm reel ; 35 mm.</subfield></datafield><datafield ind1=" " ind2=" " tag="752"><subfield code="a">United States</subfield><subfield code="b">Nebraska</subfield><subfield code="c">Buffalo</subfield><subfield code="d">Kearney.</subfield></datafield><datafield ind1="0" ind2="0" tag="780"><subfield code="t">Kearney daily tribune (Kearney, Neb. : 1934)</subfield><subfield code="w">(DLC)sn 99067061</subfield></datafield><datafield ind1="0" ind2="0" tag="785"><subfield code="t">Sunday Platte Valley tribune</subfield><subfield code="w">(DLC)sn 95069133</subfield></datafield><datafield ind1="1" ind2=" " tag="029"><subfield code="a">AU@</subfield><subfield code="b">000025892723</subfield></datafield></record>